@article{komarraju2023revolutionizing,
  title   = {Revolutionizing Cloud Services with AI/ML and Generative AI: A Comprehensive Analysis of Cutting-Edge Techniques},
  author  = {Komarraju, A.},
  journal = {Tuijin Jishu/Journal of Propulsion Technology},
  volume  = {44},
  number  = {2},
  year    = {2023},
  doi     = {10.52783/tjjpt.v44.i2.1117}
}

@article{sharma2024role,
  title   = {The role of Artificial Intelligence and machine learning in Strengthening Cloud Security: A comprehensive review and analysis},
  author  = {Sharma, H.},
  journal = {International Journal of Advanced Research in Computer and Communication Engineering (IJARCCE)},
  volume  = {13},
  number  = {8},
  year    = {2024},
  doi     = {10.17148/ijarcce.2024.13808}
}

@article{alzoubi2024research,
  title     = {Research trends in deep learning and machine learning for cloud computing security},
  author    = {Alzoubi, Yaser I. and Mishra, Anurag and Topcu, Ahmet E.},
  journal   = {Artificial Intelligence Review},
  volume    = {57},
  number    = {5},
  pages     = {132},
  year      = {2024},
  publisher = {Springer},
  doi       = {10.1007/s10462-024-10776-5}
}

@article{hoffpauir2023survey,
  title     = {A survey on edge intelligence and lightweight machine learning support for future applications and services},
  author    = {Hoffpauir, Kaleb and Ben Taleb, Mohammed and Alqahtani, Abdullah and Dutta, Aniruddha and Boukadi, Kais and Erbad, Aiman},
  journal   = {Journal of Data and Information Quality (JDIQ)},
  volume    = {15},
  number    = {2},
  pages     = {1--41},
  year      = {2023},
  publisher = {ACM New York, NY, USA},
  doi       = {10.1145/3581759},
  note      = {Article 20}
}
@article{chen2017disease,
  author   = {Chen, Min and Hao, Yixue and Hwang, Kai and Wang, Lu and Wang, Lin},
  journal  = {IEEE Access},
  title    = {Disease Prediction by Machine Learning Over Big Data From Healthcare Communities},
  year     = {2017},
  volume   = {5},
  number   = {},
  pages    = {8869-8879},
  keywords = {Diseases;Hospitals;Prediction algorithms;Machine learning algorithms;Big Data;Data models;Big data analytics;machine learning;healthcare},
  doi      = {10.1109/ACCESS.2017.2694446}
}

@article{kamilaris2018deep,
  author   = {Lei, Jiaxing and Shi, Hao and Jiang, Ping and Tang, Yi and Feng, Shuang},
  journal  = {IEEE Access},
  title    = {An Accurate Forced Oscillation Location and Participation Assessment Method for DFIG Wind Turbine},
  year     = {2019},
  volume   = {7},
  number   = {},
  pages    = {130505-130514},
  keywords = {Oscillators;Stators;Doubly fed induction generators;Rotors;Wind turbines;Oscillation source location;energy analysis;doubly fed induction generator;energy structure;forced oscillations},
  doi      = {10.1109/ACCESS.2019.2939871}
}
